<record><leader>00000cas a2200000 a 4500</leader><controlfield tag="001">51732530</controlfield><controlfield tag="008">030224c19979999iluwr ne      0   a0eng c</controlfield><datafield ind1=" " ind2=" " tag="010"><subfield code="a">sn2002061151</subfield></datafield><datafield ind1=" " ind2=" " tag="040"><subfield code="a">NVF</subfield><subfield code="b">eng</subfield><subfield code="c">NVF</subfield><subfield code="d">OCLCQ</subfield><subfield code="d">OCLCF</subfield><subfield code="d">OCLCO</subfield><subfield code="d">NVF</subfield></datafield><datafield ind1=" " ind2=" " tag="042"><subfield code="a">pcc</subfield></datafield><datafield ind1=" " ind2=" " tag="043"><subfield code="a">n-us-il</subfield></datafield><datafield ind1="0" ind2="0" tag="245"><subfield code="a">El Paso times-journal.</subfield></datafield><datafield ind1="3" ind2=" " tag="246"><subfield code="a">El Paso times journal</subfield></datafield><datafield ind1=" " ind2=" " tag="260"><subfield code="a">Peoria, Ill. :</subfield><subfield code="b">Times Newspapers,</subfield><subfield code="c">1997-</subfield></datafield><datafield ind1=" " ind2=" " tag="300"><subfield code="a">v.</subfield></datafield><datafield ind1=" " ind2=" " tag="310"><subfield code="a">Weekly</subfield></datafield><datafield ind1="0" ind2=" " tag="362"><subfield code="a">Vol. 7, no. 28 (Oct. 1, 1997)-</subfield></datafield><datafield ind1=" " ind2=" " tag="515"><subfield code="a">Volume and number designation dropped with Jan. 2, 2002 issue.</subfield></datafield><datafield ind1=" " ind2=" " tag="588"><subfield code="a">Latest issue consulted: Jan. 15, 2003.</subfield></datafield><datafield ind1=" " ind2="0" tag="651"><subfield code="a">El Paso (Ill.)</subfield><subfield code="v">Newspapers.</subfield></datafield><datafield ind1=" " ind2="7" tag="651"><subfield code="a">Illinois</subfield><subfield code="z">El Paso.</subfield><subfield code="2">fast</subfield><subfield code="0">(OCoLC)fst01217736</subfield></datafield><datafield ind1=" " ind2="7" tag="655"><subfield code="a">Newspapers.</subfield><subfield code="2">fast</subfield><subfield code="0">(OCoLC)fst01423814</subfield></datafield><datafield ind1=" " ind2=" " tag="752"><subfield code="a">United States</subfield><subfield code="b">Illinois</subfield><subfield code="c">Peoria</subfield><subfield code="d">Peoria.</subfield></datafield><datafield ind1="0" ind2="0" tag="780"><subfield code="t">El Paso journal (El Paso, Ill. : 1991)</subfield><subfield code="w">(DLC)sn 93055455</subfield><subfield code="w">(OCoLC)27907358</subfield></datafield><datafield ind1="1" ind2=" " tag="029"><subfield code="a">AU@</subfield><subfield code="b">000024458064</subfield></datafield></record>